<record><leader>00000cas a2200000 a 4500</leader><controlfield tag="001">69680940</controlfield><controlfield tag="007">hd afb---bucu</controlfield><controlfield tag="007">hd bfb---buau</controlfield><controlfield tag="007">hd bfb---bubu</controlfield><controlfield tag="008">060602d19731996wauwr nea     0   a0eng c</controlfield><datafield ind1=" " ind2=" " tag="010"><subfield code="a">  2006252471</subfield></datafield><datafield ind1=" " ind2=" " tag="040"><subfield code="a">WAU</subfield><subfield code="b">eng</subfield><subfield code="c">WAU</subfield><subfield code="d">WAU</subfield><subfield code="d">OCLCQ</subfield><subfield code="d">OCLCF</subfield></datafield><datafield ind1=" " ind2=" " tag="022"><subfield code="a">0745-7383</subfield><subfield code="l">0745-7383</subfield></datafield><datafield ind1="1" ind2=" " tag="029"><subfield code="a">AU@</subfield><subfield code="b">000040339930</subfield></datafield><datafield ind1=" " ind2=" " tag="042"><subfield code="a">pcc</subfield></datafield><datafield ind1=" " ind2=" " tag="043"><subfield code="a">n-us-wa</subfield></datafield><datafield ind1=" " ind2="4" tag="222"><subfield code="a">The Montesano Grays Harbor County vidette</subfield></datafield><datafield ind1="0" ind2="4" tag="245"><subfield code="a">The Montesano Grays Harbor County vidette</subfield><subfield code="h">[microform].</subfield></datafield><datafield ind1="3" ind2="0" tag="246"><subfield code="a">Vidette</subfield></datafield><datafield ind1="1" ind2="3" tag="246"><subfield code="a">Montesano-Grays Harbor County vidette</subfield></datafield><datafield ind1=" " ind2=" " tag="260"><subfield code="a">[Montesano, Wa. :</subfield><subfield code="b">Montesano Vidette,</subfield><subfield code="c">[1973-1996]</subfield></datafield><datafield ind1=" " ind2=" " tag="310"><subfield code="a">Weekly</subfield></datafield><datafield ind1="0" ind2=" " tag="362"><subfield code="a">Vol. 91, no. 14 (Apr. 5, 1973)-v. 114, no. 5 (Feb. 1, 1996).</subfield></datafield><datafield ind1=" " ind2=" " tag="533"><subfield code="a">Microfilm.</subfield><subfield code="m">v.107:no.1-114:no.5 (Jan. 5, 1989-Feb. 1, 1996).</subfield><subfield code="b">Seattle, Wash. :</subfield><subfield code="c">Filmed by University of Washington Libraries.</subfield><subfield code="e">26 microfilm reels ; 35 mm.</subfield><subfield code="n">Filmed with other titles.</subfield></datafield><datafield ind1=" " ind2="0" tag="651"><subfield code="a">Montesano (Wash.)</subfield><subfield code="v">Newspapers.</subfield></datafield><datafield ind1=" " ind2="0" tag="651"><subfield code="a">Hoquiam (Wash.)</subfield><subfield code="v">Newspapers.</subfield></datafield><datafield ind1=" " ind2="0" tag="651"><subfield code="a">Grays Harbor County (Wash.)</subfield><subfield code="v">Newspapers.</subfield></datafield><datafield ind1=" " ind2="7" tag="655"><subfield code="a">Newspapers.</subfield><subfield code="2">fast</subfield><subfield code="0">(OCoLC)fst01423814</subfield></datafield><datafield ind1=" " ind2="7" tag="651"><subfield code="a">Washington (State)</subfield><subfield code="z">Grays Harbor County.</subfield><subfield code="2">fast</subfield><subfield code="0">(OCoLC)fst01212279</subfield></datafield><datafield ind1=" " ind2="7" tag="651"><subfield code="a">Washington (State)</subfield><subfield code="z">Hoquiam.</subfield><subfield code="2">fast</subfield><subfield code="0">(OCoLC)fst01218048</subfield></datafield><datafield ind1=" " ind2="7" tag="651"><subfield code="a">Washington (State)</subfield><subfield code="z">Montesano.</subfield><subfield code="2">fast</subfield><subfield code="0">(OCoLC)fst01227411</subfield></datafield><datafield ind1=" " ind2=" " tag="752"><subfield code="a">United States</subfield><subfield code="b">Washington</subfield><subfield code="c">Grays Harbor</subfield><subfield code="d">Montesano.</subfield></datafield><datafield ind1=" " ind2=" " tag="752"><subfield code="a">United States</subfield><subfield code="b">Washington</subfield><subfield code="c">Grays Harbor</subfield><subfield code="d">Hoquiam.</subfield></datafield><datafield ind1="1" ind2=" " tag="776"><subfield code="c">Original</subfield><subfield code="x">0745-7383</subfield><subfield code="w">(DLC)sn 83007469</subfield><subfield code="w">(OCoLC)9421054</subfield></datafield><datafield ind1="0" ind2="0" tag="780"><subfield code="t">Montesano vidette</subfield><subfield code="w">(DLC)  2006252470</subfield><subfield code="w">(OCoLC)69672446</subfield></datafield><datafield ind1="0" ind2="0" tag="785"><subfield code="t">Montesano vidette (Montesano, Wash. : 1996)</subfield><subfield code="w">(DLC)  2006252472</subfield><subfield code="w">(OCoLC)69680975</subfield></datafield><datafield ind1=" " ind2=" " tag="850"><subfield code="a">WAU</subfield><subfield code="a">WAU (master)</subfield></datafield></record>